
@Article{GrigFirst,
  author       = {Grigorcuk, Rostislav},
  title        = {On {Burnside's} problem on periodic groups},
  volume       = {14},
  number       = {1},
  pages        = {53--54},
  issn         = {0374-1990},
  date         = {1980},
  fjournal     = {Akademiya Nauk SSSR. Funktsional\cprime ny\u\i \ Analiz i ego Prilozheniya},
  journaltitle = {Funktsional. Anal. i Prilozhen.},
  mrclass      = {20F05},
  mrnumber     = {565099},
  mrreviewer   = {N. S. Chernikov},
}

@Article{GrigInterm,
  author       = {Grigorchuk, Rostislav},
  title        = {Degrees of growth of finitely generated groups and the theory of invariant means},
  volume       = {48},
  number       = {5},
  pages        = {939--985},
  issn         = {0373-2436},
  date         = {1984},
  fjournal     = {Izvestiya Akademii Nauk SSSR. Seriya Matematicheskaya},
  journaltitle = {Izv. Akad. Nauk SSSR Ser. Mat.},
  mrclass      = {20F05 (43A07)},
  mrnumber     = {764305},
  mrreviewer   = {P. Gerl},
}

@Article{GrigPak,
  author       = {Grigorchuk, Rostislav and Pak, Igor},
  title        = {Groups of intermediate growth: an introduction},
  volume       = {54},
  number       = {3-4},
  pages        = {251--272},
  issn         = {0013-8584},
  date         = {2008},
  fjournal     = {L'Enseignement Math\'ematique. Revue Internationale. 2e S\'erie},
  journaltitle = {Enseign. Math. (2)},
  mrclass      = {20F69 (20F10 20F50)},
  mrnumber     = {2478087},
  mrreviewer   = {Goulnara N. Arzhantseva},
}

@Article{Milnor1968,
  author       = {Carlitz, L. and Wilansky, A. and Milnor, John and Struble, R. A. and Felsinger, Neal and Simoes, J. M. S. and Power, E. A. and Shafer, R. E. and Maas, R. E.},
  title        = {Advanced Problems: 5600-5609},
  volume       = {75},
  number       = {6},
  pages        = {685-687},
  issn         = {00029890, 19300972},
  date         = {1968},
  journaltitle = {The American Mathematical Monthly},
  publisher    = {Mathematical Association of America},
  url          = {http://www.jstor.org/stable/2313822},
}

@Book{nekrashevych2005self,
  title      = {Self-similar groups},
  publisher  = {American Mathematical Society, Providence, RI},
  author     = {Nekrashevych, Volodymyr},
  volume     = {117},
  series     = {Mathematical Surveys and Monographs},
  isbn       = {0-8218-3831-8},
  date       = {2005},
  doi        = {10.1090/surv/117},
  mrclass    = {20E08 (20F65 37B15 37F10)},
  mrnumber   = {2162164},
  mrreviewer = {Laurent Bartholdi},
  pages      = {xii+231},
  url        = {http://dx.doi.org/10.1090/surv/117},
}

@Book{HowGroupsGrow,
  title      = {How groups grow},
  publisher  = {Cambridge University Press, Cambridge},
  author     = {Mann, Avinoam},
  volume     = {395},
  series     = {London Mathematical Society Lecture Note Series},
  isbn       = {978-1-107-65750-2},
  date       = {2012},
  mrclass    = {20F69 (20F05)},
  mrnumber   = {2894945},
  mrreviewer = {Wolfgang Woess},
  pages      = {x+199},
}

@Book{TopicsInGGT,
  title      = {Topics in geometric group theory},
  publisher  = {University of Chicago Press, Chicago, IL},
  author     = {de la Harpe, Pierre},
  series     = {Chicago Lectures in Mathematics},
  isbn       = {0-226-31719-6; 0-226-31721-8},
  date       = {2000},
  mrclass    = {20F65 (20F69 57M07)},
  mrnumber   = {1786869},
  mrreviewer = {Lee Mosher},
  pages      = {vi+310},
}

@Article{NonContractingGroups,
  author       = {Davis, Nick and Elder, Murray and Reeves, Lawrence},
  title        = {Non-contracting groups generated by {$(3,2)$}-automata},
  volume       = {17},
  number       = {1},
  pages        = {20--32},
  issn         = {1726-3255},
  date         = {2014},
  fjournal     = {Algebra and Discrete Mathematics},
  journaltitle = {Algebra Discrete Math.},
  mrclass      = {20F65 (20E08 68Q45)},
  mrnumber     = {3288183},
  mrreviewer   = {Robert H. Gilman},
}

@Article{OnGrowth,
  author       = {Bartholdi, Laurent and Pochon, Floriane},
  title        = {On growth and torsion of groups},
  volume       = {3},
  number       = {4},
  pages        = {525--539},
  issn         = {1661-7207},
  date         = {2009},
  doi          = {10.4171/GGD/68},
  fjournal     = {Groups, Geometry, and Dynamics},
  journaltitle = {Groups Geom. Dyn.},
  mrclass      = {20F69 (20F50)},
  mrnumber     = {2529946},
  mrreviewer   = {Patrizia Longobardi},
  url          = {http://dx.doi.org/10.4171/GGD/68},
}

@Article{OnGroupsPolynomial,
  author       = {Bridson, Martin R. and Burillo, Jos\'e and Elder, Murray and {\v S}uni\'c, Zoran},
  title        = {On groups whose geodesic growth is polynomial},
  volume       = {22},
  number       = {5},
  pages        = {1250048, 13},
  issn         = {0218-1967},
  date         = {2012},
  doi          = {10.1142/S0218196712500488},
  fjournal     = {International Journal of Algebra and Computation},
  journaltitle = {Internat. J. Algebra Comput.},
  mrclass      = {20F65},
  mrnumber     = {2949213},
  mrreviewer   = {Delaram Kahrobaei},
  url          = {http://dx.doi.org/10.1142/S0218196712500488},
}

@Article{ElderTech1,
  author       = {Elder, Murray},
  title        = {A short introduction to self-similar groups},
  volume       = {39},
  number       = {3},
  pages        = {125--133},
  issn         = {0311-0729},
  date         = {2012},
  fjournal     = {The Australian Mathematical Society. Gazette},
  journaltitle = {Austral. Math. Soc. Gaz.},
  mrclass      = {20F65},
  mrnumber     = {2986245},
}

@Article{ElderTech2,
  author       = {Elder, Murray},
  title        = {A short introduction to self-similar groups},
  volume       = {3},
  number       = {1},
  pages        = {17--21},
  issn         = {2010-3484},
  date         = {2013},
  fjournal     = {Asia Pacific Mathematics Newsletter},
  journaltitle = {Asia Pac. Math. Newsl.},
  mrclass      = {20E08 (68Q45)},
  mrnumber     = {3060711},
}

@Article{MilnorEquivClass,
  author       = {Milnor, John},
  title        = {A note on curvature and fundamental group},
  volume       = {2},
  pages        = {1--7},
  issn         = {0022-040X},
  date         = {1968},
  fjournal     = {Journal of Differential Geometry},
  journaltitle = {J. Differential Geometry},
  mrclass      = {53.72 (57.00)},
  mrnumber     = {0232311},
  mrreviewer   = {R. L. Bishop},
  url          = {http://projecteuclid.org/euclid.jdg/1214501132},
}

%THE GROUP IS FIRST INTRODUCED

@Article{FabGuptaI,
  author       = {Fabrykowski, Jacek and Gupta, Narain},
  title        = {On groups with sub-exponential growth functions},
  volume       = {49},
  number       = {3-4},
  pages        = {249--256 (1987)},
  issn         = {0019-5839},
  date         = {1985},
  fjournal     = {The Journal of the Indian Mathematical Society. New Series},
  journaltitle = {J. Indian Math. Soc. (N.S.)},
  mrclass      = {20E99 (20F05 20F19)},
  mrnumber     = {942349},
  mrreviewer   = {Martha K. Smith},
}

%INTERMEDIATE GROWTH FIRST PROVEN

@Article{FabGuptaII,
  author       = {Fabrykowski, Jacek and Gupta, Narain},
  title        = {On groups with sub-exponential growth functions. {II}},
  volume       = {56},
  number       = {1-4},
  pages        = {217--228},
  issn         = {0019-5839},
  date         = {1991},
  fjournal     = {The Journal of the Indian Mathematical Society. New Series},
  journaltitle = {J. Indian Math. Soc. (N.S.)},
  mrclass      = {20E99 (20F05 20F19)},
  mrnumber     = {1153150},
  mrreviewer   = {Martha K. Smith},
}

@InProceedings{neumann1996short,
  author       = {Neumann, Walter D. and Shapiro, Michael},
  title        = {{ANU} workshop},
  booktitle    = {A short course in geometric group theory},
  organization = {ANU},
  date         = {1996-01},
  url          = {http://www.math.columbia.edu/~neumann/preprints/},
  venue        = {Canberra, Australia},
}

@InProceedings{AMSInotes,
  author       = {Elder, Murray and Reeves, Lawrence},
  title        = {{AMSI} summer school},
  booktitle    = {Lectures on geometric group theory},
  organization = {AMSI},
  date         = {2015-01},
  url          = {https://sites.google.com/site/ggtamsi2015/notes},
  venue        = {Newcastle, Australia},
}

% need to fix this reference; needs more info

@Book{clay2017office,
  title     = {Office hours with a geometric group theorist},
  publisher = {Princeton University Press},
  author    = {Clay, Matt and Margalit, Dan},
  isbn      = {9780691158662},
  date      = {2017},
}

%NEED THE OTHER PROOFS OF INTERMEDIATE GROWTH... see the Bartholdi paper for
% the relevant citations

@PhdThesis{Julie2016GeodesicGrowth,
  author      = {Br\"onnimann, Julie Marie},
  title       = {Geodesic growth of groups},
  date        = {2016},
  institution = {Universit\'e de Neuch\^atel},
  url         = {http://doc.rero.ch/record/277391/files/00002547.pdf},
}

@Article{LPresentationGF,
  author       = {Bartholdi, Laurent},
  title        = {L-presentations and branch groups},
  date         = {2000-07},
  doi          = {10.1016/S0021-8693(03)00268-0},
  eprint       = {arXiv:math/0007062},
  howpublished = {J. Algebra 268 (2003), no. 2, 419--443},
  journaltitle = {ArXiv Mathematics e-prints},
}

@Article{AlgorithmsForPresentations,
  author       = {Bartholdi, Laurent and Eick, Bettina and Hartung, Ren\'e},
  title        = {A nilpotent quotient algorithm for certain infinitely presented groups and its applications},
  volume       = {18},
  number       = {8},
  pages        = {1321--1344},
  issn         = {0218-1967},
  date         = {2008},
  doi          = {10.1142/S0218196708004871},
  fjournal     = {International Journal of Algebra and Computation},
  journaltitle = {Internat. J. Algebra Comput.},
  mrclass      = {20-04 (20F14 20F18)},
  mrnumber     = {2483125},
  mrreviewer   = {Werner Nickel},
  url          = {http://dx.doi.org/10.1142/S0218196708004871},
}

@Article{InvestigatingSelfSimilar,
  author       = {Hartung, Ren\'e},
  title        = {Investigating self-similar groups using their finite $L$-presentation},
  date         = {2012-04},
  eprint       = {arXiv:1204.4279},
  journaltitle = {ArXiv e-prints},
}

@Misc{GapPresentation,
  author   = {Hartung, Ren\'e},
  title    = {{NQL} -- \textit{Nilpotent quotients of L-presented groups}},
  note     = {A submitted Gap package},
  date     = {2007},
  subtitle = {Nilpotent quotients of L-presented groups},
}

@Article{SvarcEquivClass,
  author       = {{\v S}varc, A. S.},
  title        = {A volume invariant of coverings},
  volume       = {105},
  pages        = {32--34},
  issn         = {0002-3264},
  date         = {1955},
  fjournal     = {Doklady Akademii Nauk SSSR},
  journaltitle = {Dokl. Akad. Nauk SSSR (N.S.)},
  language     = {Russian},
  mrclass      = {53.0X},
  mrnumber     = {0075634},
  mrreviewer   = {H. Busemann},
}

@Article{PolynomialDegree,
  author       = {Bass, Hyman},
  title        = {The degree of polynomial growth of finitely generated nilpotent groups},
  volume       = {25},
  pages        = {603--614},
  issn         = {0024-6115},
  date         = {1972},
  fjournal     = {Proceedings of the London Mathematical Society. Third Series},
  journaltitle = {Proc. London Math. Soc. (3)},
  mrclass      = {20F05},
  mrnumber     = {0379672},
  mrreviewer   = {I. B. S. Passi},
  url          = {https://doi.org/10.1112/plms/s3-25.4.603},
}

@Article{PossibleIntermGrowth,
  author       = {Bartholdi, Laurent and Erschler, Anna},
  title        = {Groups of given intermediate word growth},
  volume       = {64},
  number       = {5},
  pages        = {2003--2036},
  issn         = {0373-0956},
  date         = {2014},
  fjournal     = {Universit\'e de Grenoble. Annales de l'Institut Fourier},
  journaltitle = {Ann. Inst. Fourier (Grenoble)},
  mrclass      = {20F05 (20F65)},
  mrnumber     = {3330929},
  mrreviewer   = {Varujan Atabekyan},
  url          = {http://aif.cedram.org/item?id=AIF_2014__64_5_2003_0},
}

@InProceedings{GrigGap,
  author     = {Grigorchuk, Rostislav I.},
  title      = {On growth in group theory},
  booktitle  = {Proceedings of the {I}nternational {C}ongress of {M}athematicians, {V}ol.\@ {I}, {II} ({K}yoto, 1990)},
  pages      = {325--338},
  publisher  = {Math. Soc. Japan, Tokyo},
  date       = {1991},
  mrclass    = {20-02 (20F32)},
  mrnumber   = {1159221},
  mrreviewer = {Alexander Lubotzky},
}

@Article{GromovTheorem,
  author       = {Gromov, Mikhael},
  title        = {Groups of polynomial growth and expanding maps},
  number       = {53},
  pages        = {53--73},
  issn         = {0073-8301},
  date         = {1981},
  fjournal     = {Institut des Hautes \'Etudes Scientifiques. Publications Math\'ematiques},
  journaltitle = {Inst. Hautes \'Etudes Sci. Publ. Math.},
  mrclass      = {53C20 (22E40 58F15)},
  mrnumber     = {623534},
  mrreviewer   = {J. A. Wolf},
  url          = {http://www.numdam.org/item?id=PMIHES_1981__53__53_0},
}

@Article{GeodesicsCoxeterI,
  author       = {Antol\'in, Yago and Ciobanu, Laura},
  title        = {Geodesic growth in right-angled and even {C}oxeter groups},
  volume       = {34},
  number       = {5},
  pages        = {859--874},
  issn         = {0195-6698},
  date         = {2013},
  fjournal     = {European Journal of Combinatorics},
  journaltitle = {European J. Combin.},
  mrclass      = {20F55 (20E36)},
  mrnumber     = {3021516},
  url          = {https://doi.org/10.1016/j.ejc.2012.12.007},
}

@Article{GeodesicsCoxeterII,
  author       = {Ciobanu, Laura and Kolpakov, Alexander},
  title        = {Geodesic growth of right-angled {C}oxeter groups based on trees},
  volume       = {44},
  number       = {2},
  pages        = {249--264},
  issn         = {0925-9899},
  date         = {2016},
  fjournal     = {Journal of Algebraic Combinatorics. An International Journal},
  journaltitle = {J. Algebraic Combin.},
  mrclass      = {20F55 (20-04 20F10)},
  mrnumber     = {3533554},
  url          = {https://doi.org/10.1007/s10801-016-0667-9},
}

@InCollection{MergesortComplexity,
  author    = {Katajainen, Jyrki and Tr\"aff, Jesper Larsson},
  title     = {A meticulous analysis of mergesort programs},
  booktitle = {Algorithms and complexity ({R}ome, 1997)},
  publisher = {Springer, Berlin},
  volume    = {1203},
  series    = {Lecture Notes in Comput. Sci.},
  pages     = {217--228},
  date      = {1997},
  mrclass   = {68P10 (68Q25)},
  mrnumber  = {1488977},
  url       = {https://doi.org/10.1007/3-540-62592-5_74},
}

@Book{KnuthSortSearch,
  title     = {The Art of Computer Programming: Sorting and Searching},
  publisher = {Addison-Wesley},
  author    = {Knuth, Donald E.},
  volume    = {3},
  edition   = {third},
  isbn      = {0201896850},
  date      = {1997},
}

@InProceedings{MergesortLecture,
  author       = {Pfenning, Frank},
  title        = {Lecture Notes on Mergesort},
  booktitle    = {15-122: Principles of Imperative Computation},
  date         = {2011-09},
  organisation = {{CMU}},
  url          = {https://www.cs.cmu.edu/~adamchik/15-122/lectures/sorting/mergesort.pdf},
}
